
%programs
@misc{mathcad,
    author      = {PTC},
    title       = {MathCAD Prime 3.0}
}


%lecture notes
@article{vektor,
    author      = {Holzmann Markus},
    title       = {Vektoranalysis. Vorlesungsskriptum. Bachelorstudium Physik.},
    year        = {Sommersemester 2020}
}

@article{funki,
    author      = {Behrndt Jussi, Holzmann Markus, Schlosser Peter},
    title       = {Funktionalanalysis und partielle Differentialgleichungen. Skriptum.},
    year        = {Wintersemester 2020/21}
}



%physics
@book{dem1,
    author      = {Demtröder Wolfgang},
    title       = {Experimentalphysik 1. Mechanik und Wärme.},
    edition     = {8. Auflage},
    year        = {2018},
    isbn        = {978-3-662-54846-2}
}
@book{dem1e,
    author      = {Demtröder Wolfgang},
    title       = {Experimentalphysik 1. Mechanik und Wärme.},
    edition     = {8. Auflage},
    year        = {2018},
    isbn        = {978-3-662-54847-9}
}

@book{dem2,
    author      = {Demtröder Wolfgang},
    title       = {Experimentalphysik 2. Elektrizität und Optik.},
    edition     = {7., korrigierte und erweiterte Auflage},
    year        = {2017},
    isbn        = {978-3-662-55789-1}
}

@book{dem2e,
    author      = {Demtröder Wolfgang},
    title       = {Experimentalphysik 2. Elektrizität und Optik.},
    edition     = {6., überarbeitete und aktualisierte Auflage},
    year        = {2013},
    isbn        = {978-3-642-29944-5}
}

@book{fliessbach,
    author      = {Fließbach Torsten},
    title       = {Mechanik. Lehrbuch zur Theoretischen Physik I.},
    edition     = {8. Auflage},
    year        = {2020},
    isbn        = {978-3-662-61602-4}
}

@book{fliessbache,
    author      = {Fließbach Torsten},
    title       = {Mechanik. Lehrbuch zur Theoretischen Physik I.},
    edition     = {8. Auflage},
    year        = {2020},
    isbn        = {978-3-662-61603-1}
}

@book{krane,
    author      = {Krane Kenneth S.},
    title       = {Modern Physics},
    edition     = {3rd edition},
    year        = {2012},
    isbn        = {978-1-118-06114-5}
}

@book{langpucker,
    author      = {Lang Christian B., Pucker Norbert},
    title       = {Mathematische Methoden in der Physik},
    edition     = {3. Auflage},
    year        = {2016},
    isbn        = {978-3-662-49312-0}
}

@book{langpuckere,
    author      = {Lang Christian B., Pucker Norbert},
    title       = {Mathematische Methoden in der Physik},
    edition     = {3. Auflage},
    year        = {2016},
    isbn        = {978-3-662-49313-7}
}

@book{giancolie,
    author      = {Giancoli Douglas C.},
    title       = {Physik. Lehr und Übungsbuch.},
    edition     = {3., erweiterte Auflage},
    year        = {2010},
    isbn        = {978-3-8689-4023-7}
}


%math
@book{arens,
    author      = {Arens Tilo},
    title       = {Mathematik},
    edition     = {4. Auflage},
    year        = {2018},
    isbn        = {978-3-662-56740-1}
}

@book{arense,
    author      = {Arens Tilo},
    title       = {Mathematik},
    edition     = {4. Auflage},
    year        = {2018},
    isbn        = {978-3-662-56741-8}
}


%technical college
@book{boege,
    author      = {Böge Alfred},
    title       = {Handbuch Maschinenbau. Grundlagen und Anwendungen der Maschinenbau-Technik. Ausgabe für Österreich Band 1.},
    edition     = {9., überarbeitete und aktualisierte Auflage},
    year        = {2011},
    isbn        = {978-3-8348-1870-6}
}

@book{boegeE,
    author      = {Böge Alfred},
    title       = {Handbuch Maschinenbau. Grundlagen und Anwendungen der Maschinenbau-Technik.},
    edition     = {20., überarbeitete und aktualisierte Auflage},
    year        = {2011},
    isbn        = {978-3-8348-1025-0}
}

@book{boegeTabFormE,
    author      = {Böge Alfred},
    title       = {Formeln und Tabellen Maschinenbau. Für Studium und Praxis.},
    edition     = {1. Auflage},
    year        = {März 2007},
    isbn        = {978-3-8348-0032-9}
}

@book{fachkundeMetall,
    author      = {Dillinger Josef},
    title       = {Fachkunde Metall. Mechanische Technologie.},
    edition     = {56., neu bearbeitete Auflage als Ausgabe für Österreich},
    year        = {2010}
}

@book{tabbuchMetall,
    author      = {Fischer Ulrich},
    title       = {Tabellenbuch Metall.},
    edition     = {45., neu bearbeitete und erweiterte Auflage. Ausgabe für Österreich},
    year        = {2012}
}

@book{decker,
    author      = {Decker Karl-Heinz},
    title       = {Maschinenelemente. Funktion, Gestaltung und Berechnung.},
    edition     = {19., aktualisierte Auflage},
    year        = {2014},
    isbn        = {978-3-446-43856-9}
}

@book{deckerE,
    author      = {Decker Karl-Heinz},
    title       = {Maschinenelemente. Funktion, Gestaltung und Berechnung.},
    edition     = {18., aktualisierte Auflage},
    year        = {2011},
    isbn        = {978-3-446-42988-8}
}

@book{deckerTab,
    author      = {Decker Karl-Heinz},
    title       = {Maschinenelemente. Tabellen und Diagramme.},
    edition     = {19., aktualisierte Auflage},
    year        = {2014},
    isbn        = {978-3-446-43856-9}
}

@book{deckerTabe,
    author      = {Decker Karl-Heinz},
    title       = {Maschinenelemente. Tabellen und Diagramme.},
    edition     = {18., aktualisierte Auflage},
    year        = {2011},
    isbn        = {978-3-446-42988-8}
}


%general
@book{atlas,
    publisher   = {Ed. Hölzel},
    title       = {Neuer Kozenn-Atlas.},
    edition     = {1., aktualisierte Neuauflage},
    year        = {2009},
    isbn        = {978-3-446-43856-9}
}
